@ONLINE{nbody,
	title ={Wikipedia page for N-Body Problem},
	url ={http://en.wikipedia.org/wiki/N-body_problem}
}

@ONLINE{collision,
	title ={Wikipedia page for Elastic Collision},
	url = {http://en.wikipedia.org/wiki/Elastic_collision}
}

@ONLINE{tune,
	title ={Wikipedia page for Fine-tuned Universe},
	url = {http://en.wikipedia.org/wiki/Fine-tuned_Universe}
}

@ONLINE{simulation,
	title ={Wikipedia page for N-Body Simulation},
	url ={http://en.wikipedia.org/wiki/N-body_simulation}
}
@booklet{tsinghua-choose,
	title={清华大学选课管理实施办法},
	year={2008}
}

@booklet{tsinghua-ban,
	title={清华大学学生违纪处分管理规定实施细则},
	year={2008},
	note={第六章}
}

@book{network-flow,
	author={Ravindra K. Ahuja and Thomas L. Magnanti and James B. Orlin},
	title={Network Flows: Theory, Algorithms, and Applications},
	publisher={Pearson Education Asia Ltd},
	year={1993}
}

@book{example,
	author={刘汝佳，黄亮},
	title={算法艺术与信息学竞赛},
	publisher={清华大学出版社},
	year={2004}
}


@book{algorithms,
	title={Introduction to Algorithms},
	edition={2},
	year={2001},
	author={Cormen, T.H.},
	publisher={The MIT press}
}
